@Electronic{Datasheet_Interface,
  title       = {SMC 1.27 mm Connectors Datasheet},
  url         = {https://www.te.com/commerce/DocumentDelivery/DDEController?Action=srchrtrv&DocNm=erni-smc-1.27mm-connectors-ds&DocType=Data+Sheet&DocLang=English&DocFormat=pdf&PartCntxt=154765-E},
  year        = {2023},
  institution = {TE Connectivity},
  type        = {Datasheet},
}

@Comment{jabref-meta: databaseType:bibtex;}
